@article{crow1970,
  title={An introduction to population genetics theory.},
  author={Crow, James F and Kimura, Motoo and others},
  journal={An introduction to population genetics theory.},
  year={1970},
  publisher={New York, Evanston and London: Harper \& Row, Publishers}
}

@article{evans2007,
  title={Non-equilibrium theory of the allele frequency spectrum},
  author={Evans, Steven N and Shvets, Yelena and Slatkin, Montgomery},
  journal={Theoretical population biology},
  volume={71},
  number={1},
  pages={109--119},
  year={2007},
  publisher={Elsevier}
}

@article{excoffier2011,
  title={Fastsimcoal: a continuous-time coalescent simulator of genomic diversity under arbitrarily complex evolutionary scenarios},
  author={Excoffier, Laurent and Foll, Matthieu},
  journal={Bioinformatics},
  volume={27},
  number={9},
  pages={1332--1334},
  year={2011},
  publisher={Oxford Univ Press}
}

@article{fisher1930,
  title={The distribution of gene ratios for rare mutations.},
  author={Fisher, R.A.},
  journal={Proc. R. Soc. Edinb.},
  volume={50},
  pages={205--220},
  year={1930},
}

@article{gravel2011,
  title={Demographic history and rare allele sharing among human populations},
  author={Gravel, Simon and Henn, Brenna M and Gutenkunst, Ryan N and Indap, Amit R and Marth, Gabor T and Clark, Andrew G and Yu, Fuli and Gibbs, Richard A and Bustamante, Carlos D and Altshuler, David L and others},
  journal={Proceedings of the National Academy of Sciences},
  volume={108},
  number={29},
  pages={11983--11988},
  year={2011},
  publisher={National Acad Sciences}
}

@article{gravel2014,
  title={Predicting discovery rates of genomic features},
  author={Gravel, Simon and National Heart, Lung, and Blood Institute and GO Exome Sequencing Project and others},
  journal={Genetics},
  volume={197},
  number={2},
  pages={601--610},
  year={2014},
  publisher={Genetics Soc America}
}

@article{gutenkunst2009,
  title={Inferring the joint demographic history of multiple populations from multidimensional SNP frequency data},
  author={Gutenkunst, Ryan N and Hernandez, Ryan D and Williamson, Scott H and Bustamante, Carlos D},
  journal={PLoS Genet},
  volume={5},
  number={10},
  pages={e1000695},
  year={2009},
  publisher={Public Library of Science}
}

@article{kimura1964,
  title={Diffusion models in population genetics},
  author={Kimura, Motoo},
  journal={Journal of Applied Probability},
  volume={1},
  number={2},
  pages={177--232},
  year={1964},
  publisher={JSTOR}
}

@article{kimura1969,
  title={The number of heterozygous nucleotide sites maintained in a finite population due to steady flux of mutations},
  author={Kimura, Motoo},
  journal={Genetics},
  volume={61},
  number={4},
  pages={893},
  year={1969},
  publisher={Genetics Society of America}
}

@incollection{kuehn2016,
  title={Moment Closure - A Brief Review},
  author={Kuehn, Christian},
  booktitle={Control of Self-Organizing Nonlinear Systems},
  pages={253--271},
  year={2016},
  publisher={Springer}
}

@article{libby1949,
  title={Age determination by radiocarbon content: world-wide assay of natural radiocarbon},
  author={Libby, Willard F and Anderson, Ernest C and Arnold, James R},
  journal={Science},
  volume={109},
  number={2827},
  pages={227--228},
  year={1949},
  publisher={American Association for the Advancement of Science}
}

@article{lukic2011,
  title={Non-equilibrium allele frequency spectra via spectral methods},
  author={Luki{\'c}, Sergio and Hey, Jody and Chen, Kevin},
  journal={Theoretical population biology},
  volume={79},
  number={4},
  pages={203--219},
  year={2011},
  publisher={Elsevier}
}

@article{lukic2012,
  title={Demographic inference using spectral methods on SNP data, with an analysis of the human out-of-Africa expansion},
  author={Luki{\'c}, Sergio and Hey, Jody},
  journal={Genetics},
  volume={192},
  number={2},
  pages={619--639},
  year={2012},
  publisher={Genetics Soc America}
}

@article{schmutz2014,
  title={A reference genome for common bean and genome-wide analysis of dual domestications},
  author={Schmutz, Jeremy and McClean, Phillip E and Mamidi, Sujan and Wu, G Albert and Cannon, Steven B and Grimwood, Jane and Jenkins, Jerry and Shu, Shengqiang and Song, Qijian and Chavarro, Carolina and others},
  journal={Nature genetics},
  volume={46},
  number={7},
  pages={707--713},
  year={2014},
  publisher={Nature Publishing Group}
}

@article{valladas2001,
  title={Palaeolithic paintings: evolution of prehistoric cave art},
  author={Valladas, H{\'e}l{\`e}ne and Clottes, Jean and Geneste, J-M and Garcia, Maria A and Arnold, M and Cachier, H and Tisn{\'e}rat-Laborde, N},
  journal={Nature},
  volume={413},
  number={6855},
  pages={479--479},
  year={2001},
  publisher={Nature Publishing Group}
}

@article{walter1994,
  title={Age of Lucy and the First Family: single-crystal 40Ar/39Ar dating of the Denen Dora and lower Kada Hadar members of the Hadar Formation, Ethiopia},
  author={Walter, Robert C},
  journal={Geology},
  volume={22},
  number={1},
  pages={6--10},
  year={1994},
  publisher={Geological Society of America}
}

@article{wright1931,
  title={Evolution in Mendelian populations},
  author={Wright, Sewall},
  journal={Genetics},
  volume={16},
  number={2},
  pages={97--159},
  year={1931},
  publisher={Genetics Soc America}
}
